<?xml version="1.0" encoding="UTF-8"?><collection xmlns="http://www.loc.gov/MARC21/slim"><record><leader>00522nam--2200193-u-4500</leader><controlfield tag="001">000054674</controlfield><controlfield tag="002">20161230</controlfield><controlfield tag="005">20170108235648</controlfield><controlfield tag="008">120514s1000------------r-----000-0-rus-d</controlfield><datafield ind1=" " ind2=" " tag="040"><subfield code="a">IFIN-HH</subfield></datafield><datafield ind1=" " ind2=" " tag="041"><subfield code="a">rus</subfield></datafield><datafield ind1=" " ind2=" " tag="080"><subfield code="a">539.124.143</subfield></datafield><datafield ind1="1" ind2=" " tag="100"><subfield code="a">Gorter, C.J</subfield></datafield><datafield ind1="1" ind2="0" tag="245"><subfield code="a">Paramagnitnaia relaksatia</subfield><subfield code="c">C.J. Gorter</subfield></datafield><datafield ind1=" " ind2=" " tag="260"><subfield code="a">Moskva</subfield><subfield code="b">Inostrannoi Literaturi</subfield><subfield code="c">?</subfield></datafield><datafield ind1=" " ind2=" " tag="300"><subfield code="a">142 p</subfield></datafield><datafield ind1=" " ind2=" " tag="500"><subfield code="a">Titlul Original In Limba Engleza: Paramagnetic Relaxation</subfield></datafield><datafield ind1=" " ind2=" " tag="852"><subfield code="a">78588</subfield><subfield code="c">539.143.43</subfield></datafield><datafield ind1=" " ind2=" " tag="CAT"><subfield code="a">SYS</subfield><subfield code="c">20170108</subfield><subfield code="h">235648</subfield></datafield></record></collection>